This file was created with JabRef 1.8b.
Encoding: Cp1252

@INPROCEEDINGS{Herschel2003,
  author = {Sven Herschel},
  title = {{{Vom Programmierwettbewerb zum Verwaltungssystem}}},
  booktitle = {INFORMATIK 2003 - Innovative Informatikanwendungen, Band 2, Beiträge
	der 33. Jahrestagung der Gesellschaft für Informatik e.V. (GI)},
  year = {2003},
}

